[gd_scene load_steps=11 format=2]

[ext_resource path="res://Resources/Stats/Defense/Swampy.tres" type="Resource" id=1]
[ext_resource path="res://Scenes/Battlers/BattlerBase.gd" type="Script" id=2]
[ext_resource path="res://Scenes/Battlers/Stats.gd" type="Script" id=3]
[ext_resource path="res://Assets/0x72_DungeonTilesetII_v1.4/frames/swampy_idle_anim_f3.png" type="Texture" id=4]
[ext_resource path="res://Assets/Xolonium-Regular.ttf" type="DynamicFontData" id=5]
[ext_resource path="res://Assets/0x72_DungeonTilesetII_v1.4/frames/swampy_idle_anim_f2.png" type="Texture" id=6]
[ext_resource path="res://Assets/0x72_DungeonTilesetII_v1.4/frames/swampy_idle_anim_f0.png" type="Texture" id=7]
[ext_resource path="res://Assets/0x72_DungeonTilesetII_v1.4/frames/swampy_idle_anim_f1.png" type="Texture" id=8]

[sub_resource type="SpriteFrames" id=1]
animations = [ {
"frames": [ ExtResource( 7 ), ExtResource( 8 ), ExtResource( 6 ), ExtResource( 4 ) ],
"loop": true,
"name": "idle",
"speed": 5.0
} ]

[sub_resource type="DynamicFont" id=2]
size = 10
use_filter = true
font_data = ExtResource( 5 )

[node name="Swampy" type="Position2D"]
script = ExtResource( 2 )
stats = ExtResource( 1 )

[node name="Idle" type="AnimatedSprite" parent="."]
frames = SubResource( 1 )
animation = "idle"
frame = 1
playing = true

[node name="Stats" type="Node" parent="."]
script = ExtResource( 3 )

[node name="HP" type="Label" parent="."]
margin_left = -24.0
margin_top = 8.0
margin_right = 24.0
margin_bottom = 24.0
custom_fonts/font = SubResource( 2 )
align = 1
valign = 1
__meta__ = {
"_edit_use_anchors_": false
}

[node name="Tween" type="Tween" parent="."]

[node name="Timer" type="Timer" parent="."]
