[gd_scene load_steps=5 format=2]

[ext_resource path="res://Assets/fonts/Xolonium-Regular.ttf" type="DynamicFontData" id=1]
[ext_resource path="res://Assets/music/menu/08travel1.wav" type="AudioStream" id=2]
[ext_resource path="res://Scenes/Menu/Basic Levels.gd" type="Script" id=3]

[sub_resource type="DynamicFont" id=1]
size = 9
use_filter = true
font_data = ExtResource( 1 )

[node name="Basic Levels" type="Control"]
anchor_right = 1.0
anchor_bottom = 1.0
script = ExtResource( 3 )
__meta__ = {
"_edit_use_anchors_": false
}
basic_1 = "Basic 1"
basic_2 = "Basic 2"
basic_3 = "Basic 3"
levels = "Level Select"

[node name="Panel" type="Panel" parent="."]
anchor_right = 1.0
anchor_bottom = 1.0
__meta__ = {
"_edit_use_anchors_": false
}

[node name="Basic 1" type="Button" parent="Panel"]
margin_left = 112.0
margin_top = 112.0
margin_right = 208.0
margin_bottom = 136.0
custom_fonts/font = SubResource( 1 )
text = "Basic 1"

[node name="Basic 2" type="Button" parent="Panel"]
margin_left = 112.0
margin_top = 72.0
margin_right = 208.0
margin_bottom = 96.0
custom_fonts/font = SubResource( 1 )
text = "Basic 2"

[node name="Basic 3" type="Button" parent="Panel"]
margin_left = 112.0
margin_top = 32.0
margin_right = 208.0
margin_bottom = 56.0
custom_fonts/font = SubResource( 1 )
text = "Basic 3"

[node name="Back" type="Button" parent="Panel"]
margin_left = 16.0
margin_top = 8.0
margin_right = 80.0
margin_bottom = 32.0
custom_fonts/font = SubResource( 1 )
text = "Back"
__meta__ = {
"_edit_use_anchors_": false
}

[node name="AudioStreamPlayer" type="AudioStreamPlayer" parent="."]
stream = ExtResource( 2 )
volume_db = -5.0
autoplay = true

[connection signal="pressed" from="Panel/Basic 1" to="." method="_on_Basic_1_pressed"]
[connection signal="pressed" from="Panel/Basic 2" to="." method="_on_Basic_2_pressed"]
[connection signal="pressed" from="Panel/Basic 3" to="." method="_on_Basic_3_pressed"]
[connection signal="pressed" from="Panel/Back" to="." method="_on_Back_pressed"]
